<?xml version="1.0" encoding="UTF-8"?><collection xmlns="http://www.loc.gov/MARC21/slim"><record><leader>00559nam--2200193-u-4500</leader><controlfield tag="001">000052782</controlfield><controlfield tag="002">20161230</controlfield><controlfield tag="005">20161230201050</controlfield><controlfield tag="008">101014s1000------------r-----000-0-rum-d</controlfield><datafield ind1=" " ind2=" " tag="040"><subfield code="a">IFIN-HH</subfield></datafield><datafield ind1=" " ind2=" " tag="041"><subfield code="a">rum</subfield></datafield><datafield ind1=" " ind2=" " tag="080"><subfield code="a">537.533.35:57.086.3</subfield></datafield><datafield ind1="1" ind2=" " tag="100"><subfield code="a">Ploaie, P.G</subfield></datafield><datafield ind1="1" ind2="0" tag="245"><subfield code="a">Introducere in microscopia electronica cu aplicatii la biologia celulara si moleculara</subfield><subfield code="c">P.G. Ploaie, Zoe Petre</subfield></datafield><datafield ind1=" " ind2=" " tag="260"><subfield code="a">Bucuresti</subfield><subfield code="b">Editura Academiei RSR</subfield><subfield code="c">1979</subfield></datafield><datafield ind1=" " ind2=" " tag="300"><subfield code="a">330p</subfield></datafield><datafield ind1="1" ind2=" " tag="700"><subfield code="a">Petre, Zoe</subfield></datafield><datafield ind1=" " ind2=" " tag="852"><subfield code="a">46602</subfield><subfield code="c">537.533.35</subfield></datafield><datafield ind1=" " ind2=" " tag="CAT"><subfield code="a">Sys</subfield><subfield code="c">20110830</subfield><subfield code="h">125849</subfield></datafield></record></collection>